<?xml version="1.0" encoding="UTF-8"?><record xmlns="http://www.loc.gov/MARC21/slim" xmlns:cinclude="http://apache.org/cocoon/include/1.0" xmlns:zs="http://www.loc.gov/zing/srw/">
  <leader>00730cz  a2200181n  4500</leader>
  <controlfield tag="001">n  94072737 </controlfield>
  <controlfield tag="003">DLC</controlfield>
  <controlfield tag="005">20050218071343.0</controlfield>
  <controlfield tag="008">940730n| acannaabn          |a aaa      </controlfield>
  <datafield tag="010" ind1=" " ind2=" ">
    <subfield code="a">n  94072737 </subfield>
  </datafield>
  <datafield tag="035" ind1=" " ind2=" ">
    <subfield code="a">(OCoLC)oca03653313</subfield>
  </datafield>
  <datafield tag="040" ind1=" " ind2=" ">
    <subfield code="a">DLC</subfield>
    <subfield code="c">DLC</subfield>
    <subfield code="d">DLC</subfield>
    <subfield code="d">WaU</subfield>
  </datafield>
  <datafield tag="100" ind1="1" ind2=" ">
    <subfield code="a">Nguyễn, Xuân Nam,</subfield>
    <subfield code="d">1929-</subfield>
  </datafield>
  <datafield tag="400" ind1="0" ind2=" ">
    <subfield code="a">Nguyễn Xuân Nam,</subfield>
    <subfield code="d">1929-</subfield>
  </datafield>
  <datafield tag="400" ind1="1" ind2=" ">
    <subfield code="a">Nguyễn, Xuân,</subfield>
    <subfield code="d">1929-</subfield>
  </datafield>
  <datafield tag="670" ind1=" " ind2=" ">
    <subfield code="a">Thơ Việt Nam, 1930-1945, 1992:</subfield>
    <subfield code="b">t.p. (Nguyễn Xuân Nam)</subfield>
  </datafield>
  <datafield tag="670" ind1=" " ind2=" ">
    <subfield code="a">Nhà văn hiện đại Việt Nam, 1992:</subfield>
    <subfield code="b">(Nguyễn Xuân Nam; b. 1929)</subfield>
  </datafield>
  <datafield tag="670" ind1=" " ind2=" ">
    <subfield code="a">Nhà văn Việt Nam hiện đại, 1997:</subfield>
    <subfield code="b">p. 452 (Nguyễn Xuân Nam, nhà lý luận phê bình; b. 1924; pseud.: Nguyễn Xuân)</subfield>
  </datafield>
</record>